<record><leader>00000cas a22000007a 4500</leader><controlfield tag="001">14234502</controlfield><controlfield tag="008">860918d1910191utxudr ne      0    0eng d</controlfield><datafield ind1=" " ind2=" " tag="010"><subfield code="a">sn 86088988 </subfield></datafield><datafield ind1=" " ind2=" " tag="040"><subfield code="a">PPM</subfield><subfield code="b">eng</subfield><subfield code="c">PPM</subfield><subfield code="d">OCLCQ</subfield></datafield><datafield ind1=" " ind2=" " tag="042"><subfield code="a">msc</subfield></datafield><datafield ind1="0" ind2="4" tag="245"><subfield code="a">The Pecos daily times.</subfield></datafield><datafield ind1=" " ind2=" " tag="260"><subfield code="a">Pecos, Tex. :</subfield><subfield code="b">B.J. Strichland</subfield></datafield><datafield ind1=" " ind2=" " tag="300"><subfield code="a">v. :</subfield><subfield code="b">ill.</subfield></datafield><datafield ind1=" " ind2=" " tag="310"><subfield code="a">Daily</subfield></datafield><datafield ind1="1" ind2=" " tag="362"><subfield code="a">Began in 1910.</subfield></datafield><datafield ind1=" " ind2=" " tag="588"><subfield code="a">Description based on: Vol. 1, no. 126 (May 13, 1911).</subfield></datafield><datafield ind1=" " ind2=" " tag="752"><subfield code="a">United States</subfield><subfield code="b">Texas</subfield><subfield code="c">Reeves</subfield><subfield code="d">Pecos.</subfield></datafield><datafield ind1="0" ind2="7" tag="785"><subfield code="t">Pecos valley news</subfield><subfield code="w">(DLC)sn 86089112</subfield></datafield><datafield ind1="0" ind2="7" tag="785"><subfield code="t">Reeves County record</subfield><subfield code="w">(DLC)sn 86089108</subfield></datafield><datafield ind1="0" ind2="7" tag="785"><subfield code="t">Semi-weekly Pecos record-times</subfield><subfield code="w">(DLC)sn 86088987</subfield></datafield></record>